<?xml version="1.0" encoding="UTF-8"?><record xmlns="http://www.loc.gov/MARC21/slim" xmlns:cinclude="http://apache.org/cocoon/include/1.0" xmlns:zs="http://www.loc.gov/zing/srw/">
  <leader>00750nz  a2200169n  4500</leader>
  <controlfield tag="001">n 2014186271</controlfield>
  <controlfield tag="003">DLC</controlfield>
  <controlfield tag="005">20140710044103.0</controlfield>
  <controlfield tag="008">140710n| azannaabn          |a aaa      </controlfield>
  <datafield tag="010" ind1=" " ind2=" ">
    <subfield code="a">n 2014186271</subfield>
  </datafield>
  <datafield tag="035" ind1=" " ind2=" ">
    <subfield code="a">(DNLM)1618631</subfield>
  </datafield>
  <datafield tag="040" ind1=" " ind2=" ">
    <subfield code="a">DNLM</subfield>
    <subfield code="b">eng</subfield>
    <subfield code="e">rda</subfield>
    <subfield code="c">DNLM</subfield>
  </datafield>
  <datafield tag="100" ind1="1" ind2=" ">
    <subfield code="a">Duffis, E. Jesus</subfield>
  </datafield>
  <datafield tag="370" ind1=" " ind2=" ">
    <subfield code="f">Newark (N.J.)</subfield>
    <subfield code="2">naf</subfield>
  </datafield>
  <datafield tag="378" ind1=" " ind2=" ">
    <subfield code="q">Ennis Jesus</subfield>
  </datafield>
  <datafield tag="400" ind1="1" ind2=" ">
    <subfield code="a">Duffis, Ennis</subfield>
  </datafield>
  <datafield tag="670" ind1=" " ind2=" ">
    <subfield code="a">Surgical endovascular neuroradiology, 2015:</subfield>
    <subfield code="b">ECIP t.p. (E. Jesus Duffis, MD,  Assistant Professor, Stroke and Neurointerventional Surgery, Departments of Neurological Surgery and Neurology, Director, Vascular Neurology Fellowship Program, University of Medicine and Dentistry of New Jersey, New Jersey Medical School, Newark, New Jersey) data view (Ennis Duffis)</subfield>
  </datafield>
</record>